@article{b1,
  author = "L\^e D{\~u}ng Trang and Zoghman Mebkhout",
   title = "Vari\'et\'es caract\'er\-istiques et vari\'et\'es polaires",
 journal = "C. R. Acad. Sc. Paris",
  volume = 296,
    year = 1983,
   pages = "129--132"
}
